<record><leader>00000cas a22000007a 4500</leader><controlfield tag="001">14983470</controlfield><controlfield tag="008">861217d1uuu19uupauwr ne      0    0eng d</controlfield><datafield ind1=" " ind2=" " tag="010"><subfield code="a">sn 86082057 </subfield></datafield><datafield ind1=" " ind2=" " tag="040"><subfield code="a">NPH</subfield><subfield code="b">eng</subfield><subfield code="c">NPH</subfield><subfield code="d">OCLCQ</subfield></datafield><datafield ind1=" " ind2=" " tag="042"><subfield code="a">msc</subfield></datafield><datafield ind1="0" ind2="4" tag="245"><subfield code="a">The Saxton herald.</subfield></datafield><datafield ind1=" " ind2=" " tag="260"><subfield code="a">Saxton, Bedford Co., Pa. :</subfield><subfield code="b">Herald Pub. Co.</subfield></datafield><datafield ind1=" " ind2=" " tag="300"><subfield code="a">v. :</subfield><subfield code="b">ill. ;</subfield><subfield code="c">55-56 cm.</subfield></datafield><datafield ind1=" " ind2=" " tag="310"><subfield code="a">Weekly</subfield></datafield><datafield ind1=" " ind2=" " tag="500"><subfield code="a">Issued every Wednesday.</subfield></datafield><datafield ind1=" " ind2=" " tag="500"><subfield code="a">Publisher: Mrs. Charles R. Taylor, &lt;1935&gt;.</subfield></datafield><datafield ind1=" " ind2=" " tag="500"><subfield code="a">Editors: W. Thompson, &lt;1907&gt;; C. Ritchie Taylor, &lt;1935&gt;.</subfield></datafield><datafield ind1=" " ind2=" " tag="588"><subfield code="a">Description based on: Vol. 23, no. 41 (Feb. 20, 1907).</subfield></datafield><datafield ind1=" " ind2=" " tag="752"><subfield code="a">United States</subfield><subfield code="b">Pennsylvania</subfield><subfield code="c">Bedford</subfield><subfield code="d">Saxton.</subfield></datafield><datafield ind1="0" ind2="0" tag="780"><subfield code="t">Herald (Saxton, Pa.)</subfield><subfield code="w">(DLC)sn 86082058</subfield></datafield><datafield ind1="1" ind2=" " tag="029"><subfield code="a">AU@</subfield><subfield code="b">000025818969</subfield></datafield></record>